<?xml version="1.0" encoding="UTF-8"?><collection xmlns="http://www.loc.gov/MARC21/slim"><record><leader>00680nam--2200181-i-4500</leader><controlfield tag="001">000010948</controlfield><controlfield tag="002">20161230</controlfield><controlfield tag="005">20161230201029</controlfield><controlfield tag="008">060222s1000------------r-----000-0-fre-d</controlfield><datafield ind1=" " ind2=" " tag="040"><subfield code="a">IFIN-HH</subfield></datafield><datafield ind1=" " ind2=" " tag="041"><subfield code="a">fre</subfield></datafield><datafield ind1=" " ind2=" " tag="080"><subfield code="a">539.143.43(043):547(043)</subfield></datafield><datafield ind1="1" ind2=" " tag="100"><subfield code="a">Dupeyre, Roger</subfield></datafield><datafield ind1="1" ind2="0" tag="245"><subfield code="a">Influence du marquage quadrupolaire en resonance magnetique nucleaire du 19f: effets de solvant et de structure sur la reorientation moleculaire des flulorures de benzyle substitues en solution</subfield><subfield code="b">These</subfield><subfield code="c">Roger dupeyre</subfield></datafield><datafield ind1=" " ind2=" " tag="260"><subfield code="a">Grenoble</subfield><subfield code="b">Universite Scientifique Et Medicale De Grenoble</subfield><subfield code="c">1972</subfield></datafield><datafield ind1=" " ind2=" " tag="300"><subfield code="a">34P.+XIII TABL</subfield></datafield><datafield ind1=" " ind2=" " tag="852"><subfield code="a">40375</subfield><subfield code="c">539.143.43</subfield></datafield><datafield ind1=" " ind2=" " tag="CAT"><subfield code="a">Sys</subfield><subfield code="c">20120509</subfield><subfield code="h">100621</subfield></datafield></record></collection>